<record><leader>00000cas a22000007a 4500</leader><controlfield tag="001">1639616</controlfield><controlfield tag="008">750920d19061910mnuwr ne      0    0eng d</controlfield><datafield ind1=" " ind2=" " tag="010"><subfield code="a">sn 89064578 </subfield></datafield><datafield ind1=" " ind2=" " tag="040"><subfield code="a">MUL</subfield><subfield code="c">MUL</subfield><subfield code="d">MN#</subfield></datafield><datafield ind1=" " ind2=" " tag="043"><subfield code="a">n-us-mn</subfield></datafield><datafield ind1=" " ind2=" " tag="052"><subfield code="a">4144</subfield><subfield code="b">G66</subfield></datafield><datafield ind1=" " ind2=" " tag="052"><subfield code="a">4143</subfield><subfield code="b">M4</subfield></datafield><datafield ind1="0" ind2="4" tag="245"><subfield code="a">The Granada times.</subfield></datafield><datafield ind1=" " ind2=" " tag="260"><subfield code="a">Granada, Martin County, Minn. :</subfield><subfield code="b">Edward R. Deebach &amp; Son,</subfield><subfield code="c">1906-</subfield></datafield><datafield ind1=" " ind2=" " tag="300"><subfield code="a">v.</subfield></datafield><datafield ind1=" " ind2=" " tag="310"><subfield code="a">Weekly</subfield></datafield><datafield ind1="0" ind2=" " tag="362"><subfield code="a">Vol. 1, no. 1 (Aug. 10, 1906)-</subfield></datafield><datafield ind1="1" ind2=" " tag="362"><subfield code="a">Ceased in 1910.</subfield></datafield><datafield ind1=" " ind2=" " tag="530"><subfield code="a">Available on microfilm from the Minnesota Historical Society.</subfield></datafield><datafield ind1=" " ind2="0" tag="651"><subfield code="a">Granada (Minn.)</subfield><subfield code="v">Newspapers.</subfield></datafield><datafield ind1=" " ind2=" " tag="752"><subfield code="a">United States</subfield><subfield code="b">Minnesota</subfield><subfield code="c">Martin</subfield><subfield code="d">Granada.</subfield></datafield><datafield ind1=" " ind2=" " tag="994"><subfield code="a">11</subfield><subfield code="b">OCL</subfield><subfield code="i">00501</subfield></datafield></record>